@article{manz1992planar,
  title={Planar chips technology for miniaturization and integration of separation techniques into monitoring systems: capillary electrophoresis on a chip},
  author={Manz, Andreas and Harrison, D Jed and Verpoorte, Elisabeth MJ and Fettinger, James C and Paulus, Aran and L{\"u}di, Hans and Widmer, H Michael},
  journal={Journal of Chromatography A},
  volume={593},
  number={1-2},
  pages={253--258},
  year={1992},
  publisher={Elsevier}
}},
 LANGUAGE ={Persian}
}

@article{harrison1992capillary,
  title={Capillary electrophoresis and sample injection systems integrated on a planar glass chip},
  author={Harrison, D Jed and Manz, Andreas and Fan, Zhonghui and Luedi, Hans and Widmer, H Michael},
  journal={Analytical chemistry},
  volume={64},
  number={17},
  pages={1926--1932},
  year={1992},
  publisher={ACS Publications}
}

@article{lee2002electrowetting,
  title={Electrowetting and electrowetting-on-dielectric for microscale liquid handling},
  author={Lee, Junghoon and Moon, Hyejin and Fowler, Jesse and Schoellhammer, Thomas and Kim, Chang-Jin},
  journal={Sensors and Actuators A: Physical},
  volume={95},
  number={2-3},
  pages={259--268},
  year={2002},
  publisher={Elsevier}
}

@article{teh2008droplet,
  title={Droplet microfluidics},
  author={Teh, Shia-Yen and Lin, Robert and Hung, Lung-Hsin and Lee, Abraham P},
  journal={Lab on a Chip},
  volume={8},
  number={2},
  pages={198--220},
  year={2008},
  publisher={Royal Society of Chemistry}
}

@article{crabtree2001microchip,
  title={Microchip injection and separation anomalies due to pressure effects},
  author={Crabtree, H John and Cheong, Eric CS and Tilroe, Daryle A and Backhouse, Christopher J},
  journal={Analytical chemistry},
  volume={73},
  number={17},
  pages={4079--4086},
  year={2001},
  publisher={ACS Publications}
}

@article{cho2003creating,
  title={Creating, transporting, cutting, and merging liquid droplets by electrowetting-based actuation for digital microfluidic circuits},
  author={Cho, Sung Kwon and Moon, Hyejin and Kim, Chang-Jin},
  journal={Journal of Microelectromechanical systems},
  volume={12},
  number={1},
  pages={70--80},
  year={2003},
  publisher={IEEE}
}

@book{berthier2012micro,
  title={Micro-drops and digital microfluidics},
  author={Berthier, Jean},
  year={2012},
  publisher={William Andrew}
}

@article{cooney2006electrowetting,
  title={Electrowetting droplet microfluidics on a single planar surface},
  author={Cooney, Christopher G and Chen, Chao-Yi and Emerling, Michael R and Nadim, Ali and Sterling, James D},
  journal={Microfluidics and Nanofluidics},
  volume={2},
  number={5},
  pages={435--446},
  year={2006},
  publisher={Springer}
}

@article{pollack2000electrowetting,
  title={Electrowetting-based actuation of liquid droplets for microfluidic applications},
  author={Pollack, Michael G and Fair, Richard B and Shenderov, Alexander D},
  journal={Applied Physics Letters},
  volume={77},
  number={11},
  pages={1725--1726},
  year={2000},
  publisher={AIP}
}

@inproceedings{hsieh2008dielectric,
  title={Dielectric droplet manipulations by electropolarization forces},
  author={Hsieh, T-H and Fan, S-K},
  booktitle={Micro Electro Mechanical Systems, 2008. MEMS 2008. IEEE 21st International Conference on},
  pages={641--644},
  year={2008},
  organization={IEEE}
}

@article{chatterjee2006droplet,
  title={Droplet-based microfluidics with nonaqueous solvents and solutions},
  author={Chatterjee, Debalina and Hetayothin, Boonta and Wheeler, Aaron R and King, Daniel J and Garrell, Robin L},
  journal={Lab on a Chip},
  volume={6},
  number={2},
  pages={199--206},
  year={2006},
  publisher={Royal Society of Chemistry}
}

@book{carper1999crc,
  title={The CRC handbook of chemistry and physics},
  author={Carper, J},
  journal={Library Journal},
  volume={124},
  number={10},
  pages={192--+},
  year={1999},
  publisher={BOWKER MAGAZINE GROUP CAHNERS MAGAZINE DIVISION 249 W 17TH ST, NEW YORK, NY 10011 USA}
}

@manual{WinNT,
	title = {{MS Windows NT} Kernel Description},
	howpublished = {\url{http://web.archive.org/web/20080207010024/http://www.808multimedia.com/winnt/kernel.htm}},
	note = {Accessed: 2010-09-30}
}

@manual{Senn,
	title  = "Using {\LaTeX} for Your Thesis",
	author = "Mark Senn",
	url    = "http://engineering.purdue.edu/~mark/puthesis",
	year   = "2009 (accessed February 3, 2014)"
}

@misc{ wiki:xxx,
	author = "{Wikipedia contributors}",
	title = "LaTeX --- {Wikipedia}{,} The Free Encyclopedia",
	year = "2011",
	howpublished = "\url{https://en.wikipedia.org/w/index.php?title=LaTeX&oldid=413720397}",
	note = "[Online; accessed 1-September-2019]"
}

@book{cheng1989field,
  title={Field and wave electromagnetics},
  author={Cheng, David Keun and others},
  year={1989},
  publisher={Pearson Education India}
}

@article{fouillet2003moving,
  title={Moving droplets with a micro catenary},
  author={Fouillet, Y and Jeanson, H and Chartier, I and Buguin, A and Silberzan, P},
  journal={Houille Blanche},
  number={4},
  pages={37--42},
  year={2003}
}

@article{gong2008direct,
  title={Direct-referencing two-dimensional-array digital microfluidics using multilayer printed circuit board},
  author={Gong, Jian and Kim, Chang-Jin},
  journal={Journal of microelectromechanical systems},
  volume={17},
  number={2},
  pages={257--264},
  year={2008},
  publisher={IEEE}
}

@article{alistar2017opendrop,
  title={OpenDrop: An Integrated Do-It-Yourself Platform for Personal Use of Biochips},
  author={Alistar, Mirela and Gaudenz, Urs},
  journal={Bioengineering},
  volume={4},
  number={2},
  pages={45},
  year={2017},
  publisher={Multidisciplinary Digital Publishing Institute}
}

@article{kumar20128,
  title={SU-8 as hydrophobic and dielectric thin film in electrowetting-on-dielectric based microfluidics device},
  author={Kumar, Vijay and Sharma, NN},
  journal={Journal of Nanotechnology},
  volume={2012},
  year={2012},
  publisher={Hindawi}
}

@article{teflon,
  title={Teflon AF amorphous fluoropolymers, DuPont Data Sheet}
}

@article{mackenzie1997novel,
  title={Novel waveguide configuration for convenient and sensitive fluorescence and Raman measurements of liquids over optical fibers},
  author={Mackenzie, Steven J and Johnson, Mark and Dakin, John P},
  year={1997}
}

@article{nishino1999lowest,
  title={The lowest surface free energy based on- CF3 alignment},
  author={Nishino, Takashi and Meguro, Masashi and Nakamae, Katsuhiko and Matsushita, Motonori and Ueda, Yasukiyo},
  journal={Langmuir},
  volume={15},
  number={13},
  pages={4321--4323},
  year={1999},
  publisher={ACS Publications}
}

@book{torkkeli2003droplet,
  title={Droplet microfluidics on a planar surface},
  author={Torkkeli, Altti and others},
  year={2003},
  publisher={VTT Technical Research Centre of Finland}
}

@misc{baitello_2019,
	title={Trying Prometheus Operator with Helm Minikube}, url={https://medium.com/faun/trying-prometheus-operator-with-helm-minikube-b617a2dccfa3},
	journal={Medium},
	publisher={Faun},
	author={Baitello, Eduardo},
	year={2019},
	month={Jul}
}

@inproceedings{fouillet2006ewod,
  title={Ewod digital microfluidics for lab on a chip},
  author={Fouillet, Yves and Jary, D and Brachet, AG and Berthier, J and Blervaque, R and Davous, L and Roux, Jean-Maxime and Achard, Jean-Luc and Peponnet, C},
  booktitle={ASME 4th International Conference on Nanochannels, Microchannels, and Minichannels},
  pages={1255--1264},
  year={2006},
  organization={American Society of Mechanical Engineers}
}